<?xml version="1.0" encoding="UTF-8"?><collection xmlns="http://www.loc.gov/MARC21/slim"><record><leader>00383nam--2200145-i-4500</leader><controlfield tag="001">000047568</controlfield><controlfield tag="002">20161230</controlfield><controlfield tag="005">20161230201046</controlfield><controlfield tag="008">060222s1000------------r-----000-0-eng-d</controlfield><datafield ind1=" " ind2=" " tag="080"><subfield code="a">65.01</subfield></datafield><datafield ind1=" " ind2=" " tag="100"><subfield code="a">Woot, Philippe De</subfield></datafield><datafield ind1=" " ind2=" " tag="245"><subfield code="a">Strategie et managgement</subfield></datafield><datafield ind1=" " ind2=" " tag="260"><subfield code="a">Paris, Dunod Economie, 1970, Vi + 136p</subfield></datafield><datafield ind1=" " ind2=" " tag="490"><subfield code="a">Collection ``La Vie De L`Entreprise`` No.99</subfield></datafield><datafield ind1=" " ind2=" " tag="852"><subfield code="a">34255</subfield></datafield></record></collection>